<?xml version="1.0" encoding="utf-8"?>
<record xmlns="http://www.loc.gov/MARC21/slim" xmlns:xsi="http://www.w3.org/2001/XMLSchema-instance" xsi:schemaLocation="http://www.loc.gov/MARC21/slim http://www.loc.gov/standards/marcxml/schema/MARC21slim.xsd">
	<leader>     nam a22     Mi 4500</leader>
	<controlfield tag="001">b12484532</controlfield>
	<controlfield tag="003">LeBAU</controlfield>
	<controlfield tag="006">m        d        </controlfield>
	<controlfield tag="007">cr cn |||m|||a</controlfield>
	<controlfield tag="008">180604s1954    ua      ob   |||0 0 ara d</controlfield>
	<datafield ind1=" " ind2=" " tag="040">
		<subfield code="a">ZYU</subfield>
		<subfield code="b">ara</subfield>
		<subfield code="e">rda</subfield>
		<subfield code="c">ZYU</subfield>
	</datafield>
	<datafield ind1="0" ind2="4" tag="082">
		<subfield code="a">510.953</subfield>
		<subfield code="2">20</subfield>
	</datafield>
	<datafield ind1="1" ind2=" " tag="100">
		<subfield code="6">880-01</subfield>
		<subfield code="a">Ṭūqān, Qadrī Ḥāfiẓ,</subfield>
		<subfield code="d">1910-1971,</subfield>
		<subfield code="e">author.</subfield>
	</datafield>
	<datafield ind1="1" ind2="0" tag="245">
		<subfield code="6">880-02</subfield>
		<subfield code="a">Turāth al-‘Arab al-‘ilmī fī al-riyāḍīyāt wa-al-falak :</subfield>
		<subfield code="b">yabḥathu fī athar al-‘Arab fī taqaddum al-riyāḍīyāt wa-al-falak wa-siyar aʻlām riyāḍīyīhim wa-kibār falakīyīhim /</subfield>
		<subfield code="c">ta’līf Qadrī Ḥāfiẓ Qūṭān, ‘uḍw Jam‘īyāt al-‘Ulūm al-Riyāḍīyah fī Amrīkā wa-Inkiltrā, al-mustashār lil-dirāsāt al-‘Arabīyah fī Ma‘had Ālmiyā bi-Amrīkā, ‘uḍw al-Majma‘ al-‘Ilmī al-‘Arabī bi-Dimashq - ‘uḍw al-Ittiḥād al-‘Ilmī al-‘Arabī, ‘uḍw al-Majma‘ al-‘Ilmī li-Duwal al-Baḥr al-Abyaḍ al-Mutawassiṭ, ‘uḍw al-Majlis al-A‘lá lil-ta‘līm fī al-Urdun, mudīr bi-Kullīyat al-Najāḥ al-Waṭanīyah bi-Nābulus.</subfield>
	</datafield>
	<datafield ind1=" " ind2=" " tag="250">
		<subfield code="6">880-03</subfield>
		<subfield code="a">al-Ṭab‘ah al-thānīyah, mazīdah wa-munaqqaḥa.</subfield>
	</datafield>
	<datafield ind1=" " ind2="1" tag="264">
		<subfield code="6">880-04</subfield>
		<subfield code="a">al-Qāhirah :</subfield>
		<subfield code="b">Maṭba‘at Lajnat al-Taʼlīf wa-al-Tarjamah wa-al-Nashr,</subfield>
		<subfield code="c">1374 H. = 1954 M.</subfield>
	</datafield>
	<datafield ind1=" " ind2=" " tag="300">
		<subfield code="6">880-05</subfield>
		<subfield code="a">online resource (457 pages)</subfield>
	</datafield>
	<datafield ind1=" " ind2=" " tag="336">
		<subfield code="a">text</subfield>
		<subfield code="2">rdacontent</subfield>
	</datafield>
	<datafield ind1=" " ind2=" " tag="337">
		<subfield code="a">computer</subfield>
		<subfield code="2">rdamedia</subfield>
	</datafield>
	<datafield ind1=" " ind2=" " tag="338">
		<subfield code="a">online resource</subfield>
		<subfield code="2">rdacarrier</subfield>
	</datafield>
	<datafield ind1=" " ind2=" " tag="500">
		<subfield code="a">في رأس العنوان: جامعة الدول العربية، الإدارة الثقافية.</subfield>
	</datafield>
	<datafield ind1=" " ind2=" " tag="500">
		<subfield code="a">Part of the Arabic Collections Online (ACO) project, contributed by American University of Beirut's Jafet Memorial Library.</subfield>
	</datafield>
	<datafield ind1=" " ind2=" " tag="504">
		<subfield code="a">يتضمن مراجع ببليوغرافية (صفحات [441]-450)</subfield>
	</datafield>
	<datafield ind1=" " ind2=" " tag="533">
		<subfield code="a">Electronic reproduction.</subfield>
		<subfield code="b">New York, N.Y. :</subfield>
		<subfield code="c">New York University,</subfield>
		<subfield code="d">2018.</subfield>
		<subfield code="5">NNU</subfield>
	</datafield>
	<datafield ind1=" " ind2="4" tag="650">
		<subfield code="a">الرياضيات عند العرب</subfield>
		<subfield code="x">تاريخ.</subfield>
	</datafield>
	<datafield ind1=" " ind2="4" tag="650">
		<subfield code="a">علم الفلك العربي</subfield>
		<subfield code="x">تاريخ.</subfield>
	</datafield>
	<datafield ind1=" " ind2="4" tag="650">
		<subfield code="a">العلماء</subfield>
		<subfield code="z">البلدان العربية.</subfield>
	</datafield>
	<datafield ind1=" " ind2="4" tag="650">
		<subfield code="a">العلوم في القرون الوسطى</subfield>
		<subfield code="v">بيوببليوغرافيا.</subfield>
	</datafield>
	<datafield ind1=" " ind2="0" tag="650">
		<subfield code="a">Mathematics, Arab</subfield>
		<subfield code="x">History.</subfield>
	</datafield>
	<datafield ind1=" " ind2="0" tag="650">
		<subfield code="a">Astronomy, Arab</subfield>
		<subfield code="x">History.</subfield>
	</datafield>
	<datafield ind1=" " ind2="0" tag="650">
		<subfield code="a">Scientists</subfield>
		<subfield code="z">Arab countries.</subfield>
	</datafield>
	<datafield ind1=" " ind2="0" tag="650">
		<subfield code="a">Science, Medieval</subfield>
		<subfield code="v">Bio-bibliography.</subfield>
	</datafield>
	<datafield ind1="2" ind2=" " tag="710">
		<subfield code="a">Jafet Memorial Library.</subfield>
	</datafield>
	<datafield ind1="0" ind2=" " tag="730">
		<subfield code="a">Arabic Collections Online.</subfield>
	</datafield>
	<datafield ind1="0" ind2=" " tag="775">
		<subfield code="6">880-06</subfield>
		<subfield code="i">has designation of edition</subfield>
		<subfield code="4">http://rdaregistry.info/Elements/m/P30133</subfield>
		<subfield code="t">Turā‎th al-ʻArab al-ʻilmī fī al-riyā‎ḍīyā‎t wa-al-falak : yabḥathu fī athar al-‘Arab fī taqaddum al-riyāḍīyāt wa-al-falak wa-siyar aʻlām riyāḍīyīhim wa-kibār falakīyīhim.</subfield>
		<subfield code="b">al-Ṭab‘ah al-ūlá.</subfield>
		<subfield code="d">[Miṣr] : [Maṭba‎‘‎at al-Muqtaṭaf], 1360 H. = 1941 M.</subfield>
		<subfield code="w">(OCoLC)784341214</subfield>
		<subfield code="w">(OCoLC)784341214</subfield>
	</datafield>
	<datafield ind1="0" ind2="8" tag="776">
		<subfield code="i">Print version:</subfield>
		<subfield code="a">Ṭūqān, Qadrī Ḥāfiẓ, 1910-1971, author.</subfield>
		<subfield code="t">Turāth al-‘Arab al-‘ilmī fī al-riyāḍīyāt wa-al-falak</subfield>
		<subfield code="w">(LeBAU)b12484532</subfield>
	</datafield>
	<datafield ind1="4" ind2="0" tag="856">
		<subfield code="u">http://hdl.handle.net/2333.1/47d7wt86</subfield>
	</datafield>
	<datafield ind1="1" ind2=" " tag="880">
		<subfield code="6">100-01</subfield>
		<subfield code="a">طوقان، قدري حافظ،</subfield>
		<subfield code="d">1910-1971،</subfield>
		<subfield code="e">مؤلف. </subfield>
		<subfield code="4">aut.</subfield>
	</datafield>
	<datafield ind1="1" ind2="0" tag="880">
		<subfield code="6">245-02</subfield>
		<subfield code="a">تراث العرب العلمي في الرياضيات والفلك :</subfield>
		<subfield code="b">يبحث في أثر العرب في تقدم الرياضيات والفلك وسير أعلام رياضييهم وكبار فلكييهم /</subfield>
		<subfield code="c">تأليف قدري حافظ قوطان، عضو جمعيات العلوم الرياضية في أمريكا وإنكلترا، المستشار للدراسات العربية في معهد آلميا بأمريكا، عضوالمجمع العلمي العربي بدمشق - عضوالإتحاد العلمي العربي، عضو المجمع العلمي لدول البحر الأبيض المتوسط، عضو المجلس الأعلى للتعليم في الأردن، مدير كلية النجاح الوطنية بنابلس.</subfield>
	</datafield>
	<datafield ind1=" " ind2=" " tag="880">
		<subfield code="6">250-03</subfield>
		<subfield code="a">الطبعة الثانية، مزيدة ومنقحة.</subfield>
	</datafield>
	<datafield ind1=" " ind2="1" tag="880">
		<subfield code="6">264-04</subfield>
		<subfield code="a">القاهرة :</subfield>
		<subfield code="b">مطبعة لجنة التأليف والترجمة والنشر،</subfield>
		<subfield code="c">1374 هـ. = 1954 م.</subfield>
	</datafield>
	<datafield ind1=" " ind2=" " tag="880">
		<subfield code="6">300-05</subfield>
		<subfield code="a">457 صفحة ؛</subfield>
		<subfield code="c">24 سم</subfield>
	</datafield>
	<datafield ind1="0" ind2=" " tag="880">
		<subfield code="6">775-06</subfield>
		<subfield code="i">دلالة على الطبعة</subfield>
		<subfield code="4">http://rdaregistry.info/Elements/m/P30133</subfield>
		<subfield code="t">تراث العرب العلمي في الرياضيات والفلك : يبحث في أثر العرب في تقدم الرياضيات والفلك وسير أعلام رياضييهم وكبار فلكييهم.</subfield>
		<subfield code="b">الطبعة الأولى.</subfield>
		<subfield code="d">[مصر] : [مطبعة المقتطف]، 1360 هـ. = 1941 م.</subfield>
		<subfield code="w">b12484520</subfield>
		<subfield code="w">(OCoLC)784341214</subfield>
	</datafield>
	<datafield ind1=" " ind2=" " tag="959">
		<subfield code="a">NNU</subfield>
		<subfield code="b">WEB</subfield>
		<subfield code="c">GENI</subfield>
		<subfield code="t">0</subfield>
		<subfield code="m">Electronic access</subfield>
		<subfield code="s">01</subfield>
	</datafield>
	<datafield ind1=" " ind2=" " tag="999">
		<subfield code="i">LeBAU_b12484532</subfield>
		<subfield code="s">aub_aco002032</subfield>
		<subfield code="e">(ERROR-MISC)</subfield>
	</datafield>
</record>
